@article{ai,
  author = {John Mccarthy},
  title = {What is Artificial Intelligence},
  year = {1998},
  timestamp = {2007 Nov 12,2.05 a.m}
  }

@article{patch,
  author    = {Tom B. Brown and
               Dandelion Man{\'{e}} and
               Aurko Roy and
               Mart{\'{\i}}n Abadi and
               Justin Gilmer},
  title     = {Adversarial Patch},
  journal   = {CoRR},
  volume    = {abs/1712.09665},
  year      = {2017},
  url       = {http://arxiv.org/abs/1712.09665},
  archivePrefix = {arXiv},
  eprint    = {1712.09665},
  timestamp = {Mon, 13 Aug 2018 16:46:21 +0200},
  biburl    = {https://dblp.org/rec/journals/corr/abs-1712-09665.bib},
  bibsource = {dblp computer science bibliography, https://dblp.org}
}

@article{spatial-attack,
  author    = {Logan Engstrom and
               Dimitris Tsipras and
               Ludwig Schmidt and
               Aleksander Madry},
  title     = {A Rotation and a Translation Suffice: Fooling CNNs with Simple Transformations},
  journal   = {CoRR},
  volume    = {abs/1712.02779},
  year      = {2017},
  url       = {http://arxiv.org/abs/1712.02779},
  archivePrefix = {arXiv},
  eprint    = {1712.02779},
  timestamp = {Mon, 13 Aug 2018 16:48:14 +0200},
  biburl    = {https://dblp.org/rec/journals/corr/abs-1712-02779.bib},
  bibsource = {dblp computer science bibliography, https://dblp.org}
}

@article{decTree,
  author    = {Nicolas Papernot and
               Patrick D. McDaniel and
               Ian J. Goodfellow},
  title     = {Transferability in Machine Learning: from Phenomena to Black-Box Attacks
               using Adversarial Samples},
  journal   = {CoRR},
  volume    = {abs/1605.07277},
  year      = {2016},
  url       = {http://arxiv.org/abs/1605.07277},
  archivePrefix = {arXiv},
  eprint    = {1605.07277},
  timestamp = {Mon, 13 Aug 2018 16:48:28 +0200},
  biburl    = {https://dblp.org/rec/journals/corr/PapernotMG16.bib},
  bibsource = {dblp computer science bibliography, https://dblp.org}
}



@article{thresh-lowpix,
  author    = {Danilo Vasconcellos Vargas and
               Shashank Kotyan},
  title     = {Model Agnostic Dual Quality Assessment for Adversarial Machine Learning
               and an Analysis of Current Neural Networks and Defenses},
  journal   = {CoRR},
  volume    = {abs/1906.06026},
  year      = {2019},
  url       = {http://arxiv.org/abs/1906.06026},
  archivePrefix = {arXiv},
  eprint    = {1906.06026},
  timestamp = {Mon, 24 Jun 2019 17:28:45 +0200},
  biburl    = {https://dblp.org/rec/journals/corr/abs-1906-06026.bib},
  bibsource = {dblp computer science bibliography, https://dblp.org}
}



